<?xml version="1.0" encoding="UTF-8"?><collection xmlns="http://www.loc.gov/MARC21/slim"><record><leader>00433nam--2200133-i-4500</leader><controlfield tag="001">000038433</controlfield><controlfield tag="002">20161230</controlfield><controlfield tag="005">20161230201041</controlfield><controlfield tag="008">060222s1000------------r-----000-0-eng-d</controlfield><datafield ind1=" " ind2=" " tag="080"><subfield code="a">621.375.826:621.385</subfield></datafield><datafield ind1=" " ind2=" " tag="245"><subfield code="a">Record of the loth symposium on electron, iion and laser beam technology, gaithersburg, maryland, 21-23 may 1969</subfield></datafield><datafield ind1=" " ind2=" " tag="260"><subfield code="a">San Francisco, San Francisco Press, Inc.,1969. Vi+544 P</subfield></datafield><datafield ind1=" " ind2=" " tag="700"><subfield code="a">L.Marton</subfield></datafield><datafield ind1=" " ind2=" " tag="852"><subfield code="a">36018</subfield></datafield></record></collection>